<record xmlns="http://www.loc.gov/MARC21/slim" xmlns:xsi="http://www.w3.org/2001/XMLSchema-instance" xsi:schemaLocation="http://www.loc.gov/MARC21/slim http://www.loc.gov/standards/marcxml/schema/MARC21slim.xsd">

  <leader>00555nam a2200157Ia 4500</leader>
  <datafield ind1=" " tag="999" ind2=" ">
    <subfield code="c">2273</subfield>
    <subfield code="d">2273</subfield>
  </datafield>
  <controlfield tag="008">180705b1988    txu||||| |||| 00| | eng d</controlfield>
  <datafield ind2=" " tag="090" ind1=" ">
    <subfield code="a">18.08.01 </subfield>
    <subfield code="b">665</subfield>
  </datafield>
  <datafield tag="110" ind2=" " ind1=" ">
    <subfield code="a">Texas A&amp;M University</subfield>
    <subfield code="9">3939</subfield>
  </datafield>
  <datafield tag="245" ind2="0" ind1="1">
    <subfield code="a">Costa Rica/Texas A&amp;M University : Collaborative programs in mathematics and its teaching / </subfield>
    <subfield code="c">Texas A&amp;M University</subfield>
  </datafield>
  <datafield tag="260" ind2=" " ind1=" ">
    <subfield code="a">Texas, Estados Unidos : </subfield>
    <subfield code="b">A&amp;M University, </subfield>
    <subfield code="c">1988</subfield>
  </datafield>
  <datafield tag="300" ind2=" " ind1=" ">
    <subfield code="a">83 páginas</subfield>
  </datafield>
  <datafield ind1="1" tag="650" ind2="4">
    <subfield code="a">MATEMÁTICAS  </subfield>
    <subfield code="9">482</subfield>
  </datafield>
  <datafield ind1="1" tag="650" ind2="4">
    <subfield code="a">PROGRAMAS DE ENSEÑANZA</subfield>
    <subfield code="9">818</subfield>
  </datafield>
  <datafield ind1="1" tag="650" ind2="4">
    <subfield code="a">INTERCAMBIO DE ESTUDIANTES</subfield>
    <subfield code="9">3940</subfield>
  </datafield>
  <datafield ind1=" " ind2=" " tag="942">
    <subfield code="2">z</subfield>
    <subfield code="c">01</subfield>
  </datafield>
</record>